<record><leader>00000cas a2200000 a 4500</leader><controlfield tag="001">31439231</controlfield><controlfield tag="008">941110d19261963nyudr ne      0    0eng c</controlfield><datafield ind1=" " ind2=" " tag="010"><subfield code="a">sn 94061031 </subfield></datafield><datafield ind1=" " ind2=" " tag="040"><subfield code="a">NYS</subfield><subfield code="b">eng</subfield><subfield code="c">NYS</subfield><subfield code="d">OCLCQ</subfield><subfield code="d">NYS</subfield><subfield code="d">OCLCQ</subfield><subfield code="d">OCLCF</subfield><subfield code="d">OCLCO</subfield></datafield><datafield ind1="1" ind2=" " tag="029"><subfield code="a">AU@</subfield><subfield code="b">000023520824</subfield></datafield><datafield ind1=" " ind2=" " tag="042"><subfield code="a">pcc</subfield></datafield><datafield ind1=" " ind2=" " tag="043"><subfield code="a">n-us-ny</subfield></datafield><datafield ind1="0" ind2=" " tag="130"><subfield code="a">Long Island daily press (Jamaica, New York, N.Y. : Nassau ed.)</subfield></datafield><datafield ind1="1" ind2="0" tag="245"><subfield code="a">Long Island daily press.</subfield></datafield><datafield ind1="1" ind2=" " tag="246"><subfield code="i">Sunday issue titled:</subfield><subfield code="a">Long Island Sunday press</subfield></datafield><datafield ind1=" " ind2=" " tag="250"><subfield code="a">Nassau ed.</subfield></datafield><datafield ind1=" " ind2=" " tag="260"><subfield code="a">Jamaica, N.Y. :</subfield><subfield code="b">Long Island Daily Press Pub. Co.,</subfield><subfield code="c">-1963.</subfield></datafield><datafield ind1=" " ind2=" " tag="300"><subfield code="a">v. :</subfield><subfield code="b">ill. ;</subfield><subfield code="c">58 cm.</subfield></datafield><datafield ind1=" " ind2=" " tag="310"><subfield code="a">Daily,</subfield><subfield code="b">Apr. 27, 1947-</subfield></datafield><datafield ind1=" " ind2=" " tag="321"><subfield code="a">Daily (except Sunday),</subfield><subfield code="b">&lt;Jul. 14, 1926&gt;-Apr. 26, 1947</subfield></datafield><datafield ind1="0" ind2=" " tag="362"><subfield code="a">Vol. 28, no. 89 (Jul. 14, 1926)-no. 2941 (Feb. 6, 1963).</subfield></datafield><datafield ind1=" " ind2=" " tag="500"><subfield code="a">Published in Hempstead, N.Y., &lt;June 23, 1953&gt;.</subfield></datafield><datafield ind1=" " ind2=" " tag="530"><subfield code="a">Also issued on microfilm.</subfield></datafield><datafield ind1=" " ind2=" " tag="588"><subfield code="a">Description based on: Vol. 36, no. 155 (Aug. 3, 1934).</subfield></datafield><datafield ind1=" " ind2="0" tag="651"><subfield code="a">Jamaica (New York, N.Y.)</subfield><subfield code="v">Newspapers.</subfield></datafield><datafield ind1=" " ind2="0" tag="651"><subfield code="a">Queens (New York, N.Y.)</subfield><subfield code="v">Newspapers.</subfield></datafield><datafield ind1=" " ind2="0" tag="651"><subfield code="a">Queens County (N.Y.)</subfield><subfield code="v">Newspapers.</subfield></datafield><datafield ind1=" " ind2="0" tag="651"><subfield code="a">New York (N.Y.)</subfield><subfield code="v">Newspapers.</subfield></datafield><datafield ind1=" " ind2="0" tag="651"><subfield code="a">Hempstead (N.Y.)</subfield><subfield code="v">Newspapers.</subfield></datafield><datafield ind1=" " ind2="0" tag="651"><subfield code="a">Nassau County (N.Y.)</subfield><subfield code="v">Newspapers.</subfield></datafield><datafield ind1=" " ind2="7" tag="655"><subfield code="a">Newspapers.</subfield><subfield code="2">fast</subfield><subfield code="0">(OCoLC)fst01423814</subfield></datafield><datafield ind1=" " ind2="7" tag="651"><subfield code="a">New York (State)</subfield><subfield code="z">Hempstead.</subfield><subfield code="2">fast</subfield><subfield code="0">(OCoLC)fst01207201</subfield></datafield><datafield ind1=" " ind2="7" tag="651"><subfield code="a">New York (State)</subfield><subfield code="z">Nassau County.</subfield><subfield code="2">fast</subfield><subfield code="0">(OCoLC)fst01205518</subfield></datafield><datafield ind1=" " ind2="7" tag="651"><subfield code="a">New York (State)</subfield><subfield code="z">New York.</subfield><subfield code="2">fast</subfield><subfield code="0">(OCoLC)fst01204333</subfield></datafield><datafield ind1=" " ind2="7" tag="651"><subfield code="a">New York (State)</subfield><subfield code="z">New York</subfield><subfield code="z">Jamaica.</subfield><subfield code="2">fast</subfield><subfield code="0">(OCoLC)fst01312250</subfield></datafield><datafield ind1=" " ind2="7" tag="651"><subfield code="a">New York (State)</subfield><subfield code="z">New York</subfield><subfield code="z">Queens.</subfield><subfield code="2">fast</subfield><subfield code="0">(OCoLC)fst01313007</subfield></datafield><datafield ind1=" " ind2="7" tag="651"><subfield code="a">New York (State)</subfield><subfield code="z">Queens County.</subfield><subfield code="2">fast</subfield><subfield code="0">(OCoLC)fst01246810</subfield></datafield><datafield ind1=" " ind2=" " tag="752"><subfield code="a">United States</subfield><subfield code="b">New York</subfield><subfield code="c">Nassau</subfield><subfield code="d">Hempstead.</subfield></datafield><datafield ind1=" " ind2=" " tag="752"><subfield code="a">United States</subfield><subfield code="b">New York</subfield><subfield code="c">Queens</subfield><subfield code="d">Jamaica.</subfield></datafield><datafield ind1=" " ind2=" " tag="752"><subfield code="a">United States</subfield><subfield code="b">New York</subfield><subfield code="d">New York.</subfield></datafield><datafield ind1="0" ind2=" " tag="775"><subfield code="t">Long Island daily press (Jamaica, New York, N.Y. : City ed.)</subfield><subfield code="w">(DLC)sn 83031122</subfield><subfield code="w">(OCoLC)9789814</subfield></datafield><datafield ind1="0" ind2="0" tag="780"><subfield code="t">Long Island daily press and daily Long Island farmer</subfield><subfield code="w">(DLC)sn 84035864</subfield><subfield code="w">(OCoLC)11425360</subfield></datafield><datafield ind1="0" ind2="5" tag="780"><subfield code="t">Nassau daily review-star</subfield><subfield code="w">(DLC)sn 83031113</subfield><subfield code="w">(OCoLC)9789870</subfield></datafield><datafield ind1="0" ind2="0" tag="785"><subfield code="t">Long Island press (Hempstead, N.Y.)</subfield><subfield code="w">(DLC)sn 94061032</subfield><subfield code="w">(OCoLC)31440624</subfield></datafield></record>